@misc{nightfall,
	author = {EY Global Blockchain R\&D},
	title = {Nightfall: ZoKrates library for private token transfer over the Ethereum blockchain},
	note = {\url{https://github.com/EYBlockchain/nightfall}}
}

@misc{whatAreSNARKs,
	author = {Zcash},
	title = {What are zk-{SNARK}s?},
	note = {\url{https://z.cash/technology/zksnarks/}}
}

@misc{underTheHood,
	author = {Vitalik Buterin},
	title = {zk-{SNARKS}: Under the Hood},
	note = {\url{https://medium.com/@VitalikButerin/zk-snarks-under-the-hood-b33151a013f6}}
}

@misc{zkSNARKsNutshell,
	author = {Christian Reitwiessner},
	title = {zk-{SNARK}s in a nutshell},
	note = {\url{https://blog.ethereum.org/2016/12/05/zksnarks-in-a-nutshell/}}
}

@inproceedings{DBLP:conf/crypto/GrothM17,
  author    = {Jens Groth and
               Mary Maller},
  title     = {Snarky Signatures: Minimal Signatures of Knowledge from Simulation-Extractable
               SNARKs},
  booktitle = {Advances in Cryptology - {CRYPTO} 2017 - 37th Annual International
               Cryptology Conference, Santa Barbara, CA, USA, August 20-24, 2017,
               Proceedings, Part {II}},
  pages     = {581--612},
  year      = {2017}
}

@misc{zokrates,
	author = {Jacob Eberhardt, Thibaut Schaeffer,Stefan Deml},
	title = {{ZoK}rates},
	note = {\url{https://github.com/Zokrates/ZoKrates}}
}

@article{DBLP:journals/cacm/ParnoHG016,
  author    = {Bryan Parno and
               Jon Howell and
               Craig Gentry and
               Mariana Raykova},
  title     = {Pinocchio: nearly practical verifiable computation},
  journal   = {Commun. {ACM}},
  volume    = {59},
  number    = {2},
  pages     = {103--112},
  year      = {2016}
}